@incollection{alizadeh2000sdp_euclidean_jordan,
    author={Alizadeh, Farid and Schmieta, Stefan},
    year={2000},
    booktitle={Handbook of Semidefinite Programming},
    volume={27},
    series={International Series in Operations Research \& Management Science},
    editor={Wolkowicz, Henry and Saigal, Romesh and Vandenberghe, Lieven},
    title={Symmetric Cones, Potential Reduction Methods and Word-by-Word Extensions},
    publisher={Springer US},
    pages={195-233}
}

@article {alizadeh2003socp,
    author = {Alizadeh, F. and Goldfarb, D.},
    TITLE = {Second-order cone programming},
    JOURNAL = {Mathematical Programming},
    SERIES = {B},
    NUMBER = {1},
    VOLUME = {95},
    YEAR = {2003},
    PAGES = {3--51}
}

@book{bazaraa2006nonlinear_programming,
    author = {Bazaraa, Mokhtar S. and Sherali, Hanif D. and Shetty, C. M.},
    publisher = {Wiley-Interscience},
    title = {Nonlinear Programming: Theory And Algorithms},
    edition = "3rd",
    year = {2006}
}

@article{barzilai1988two_point,
    author = {Barzilai, Jonathan and Borwein, Jonathan M.},
    journal = {IMA Journal of Numerical Analysis},
    number = {1},
    pages = {141--148},
    publisher = {Oxford University Press},
    title = {Two-Point Step Size Gradient Methods},
    volume = {8},
    year = {1988}
}

@article{broyden1967quasi_newton,
    author = {C. G. Broyden},
    journal = {Mathematics of Computation},
    pages = {368--381},
    title = {Quasi-{Newton} Methods and their Application to Function Minimization},
    volume = {21},
    year = {1967}
}

@article{broyden1970bfgs,
    author = {Broyden, C. G.},
    journal = {IMA Journal of Applied Mathematics},
    number = {3},
    pages = {222--231},
    title = {The Convergence of a Class of Double-rank Minimization Algorithms: 2. The New Algorithm},
    volume = {6},
    year = {1970}
}

@article{byrd1994limited_memory_quasi_newton,
    author = {Byrd, Richard H. and Nocedal, Jorge and Schnabel, Robert B.},
    title = {Representations of quasi-{Newton} Matrices and Their Use in Limited Memory Methods},
    journal = {Mathematical Programming},
    volume = {63},
    number = {2},
    year = {1994},
    pages = {129--156}
}

@article{byrd1999interior_point_trust_region,
    author = {Richard H. Byrd and Mary E. Hribar and Jorge Nocedal},
    title = {An Interior Point Algorithm for Large-Scale Nonlinear Programming},
    journal = {SIAM Journal on Optimization},
    volume = {9},
    number = {4},
    pages = {877-900},
    year = {1999}
}

@book{conn2000trust_region_methods,
    author = {Andrew R. Conn and Nicholas I. M. Gould and Philippe L. Toint},
    title = {Trust-Region Methods},
    publisher = "SIAM",
    year = "2000"
}

@article{fletcher1963nonlinear_conjugate_gradient,
    author = {Fletcher, R. and Reeves, C. M.},
    journal = {The Computer Journal},
    number = {2},
    pages = {149--154},
    title = {Function minimization by conjugate gradients},
    volume = {7},
    year = {1964}
}

@article{fletcher1970bfgs,
    author    = {R. Fletcher},
    title     = {A New Approach to Variable Metric Algorithms},
    journal   = {The Computer Journal},
    volume    = {13},
    number    = {3},
    year      = {1970},
    pages     = {317-322}
}

@phdthesis{fong2011minres_optimization,
    author = "David Chin-lung Fong",
    title = "Minimum-Residual Methods for Sparse Least-Squares Using Golub-Kahan Bidiagonalization",
    school = "Stanford University",
    year = 2011
}

@article{goldfarb1970variable_metric_methods,
    author = {Goldfarb, D.},
    journal = {Mathematics of Computation},
    pages = {23--26},
    title = {A Family of Variable Metric Updates Derived by Variational Means},
    volume = {24},
    year = {1970}
}

@article{hager2006nonlinear_cg,
    author = "William W. Hager and Hongchao Zhang",
    title = "A survey of nonlinear conjugate gradient methods",
    journal = "Pacific Journal of Optimization",
    volume = 2,
    number = 1,
    pages = "35--58",
    month = "January",
    year = 2006
}

@article{heinkenschloss2014inexact_sqp,
    author = {Matthias Heinkenschloss and Denis Ridzal},
    title = {A Matrix-Free Trust-Region SQP Method for Equality Constrained Optimization},
    journal = {SIAM Journal on Optimization},
    volume = {24},
    number = {3},
    pages = {1507-1541},
    year = {2014}
}

@article{helmberg1996interior_point_sdp,
    author = {Helmberg, Christoph and Rendl, Franz and Vanderbei, Robert J. and Wolkowicz, Henry},
    title = {An Interior-Point Method for Semidefinite Programming},
    journal = {SIAM Journal on Optimization},
    volume = {6},
    number = {2},
    pages = {342-361},
    year = {1996}
}


@article{hestenes1952conjugate_gradient,
    author = {Hestenes, Magnus R. and Stiefel, Eduard},
    journal = {Journal of Research of the National Bureau of Standards},
    pages = {409--436},
    title = {Methods of conjugate gradients for solving linear systems},
    volume = 49,
    number = 6,
    year = 1952
}

@article{kiefer1953fibonacci_golden_section_search,
    author = {J. Kiefer},
    journal = {Proceedings of the American Mathematical Society},
    volume = {4},
    number = {3},
    pages = {502--506},
    title = {Sequential minimax search for a maximum},
    year = {1953}
}

@book{nocedal2006numerical_optimization,
   edition = "2nd",
   author = "Jorge Nocedal and Stephen J. Wright",
   title = "Numerical Optimization",
   publisher = "Springer",
   year = "2006"
}

@article{polak1969nonlinear_conjugate_gradient,
    author = {Polak, E. and Ribiere, G.},
    journal = {Revue Fran{\c{c}}aise d'Informatique et de Recherche Op{\'{e}}rationnelle},
    pages = {35--43},
    title = {Note sur la convergence de m{\'{e}}thodes de directions conjugu{\'{e}}es},
    volume = {16},
    year = {1969}
}

@phdthesis{ridzal2006trust_region_sqp,
    author = "Denis Ridzal",
    title = "Trust-Region {SQP} Methods with Inexact Linear System Solves for Large-Scale Optimization",
    school = "Rice University",
    year = 2006
}

@techreport{ridzal2011inexact_sqp,
    author = {Denis Ridzal and Miguel Aguil\'{o} and Matthias Heinkenschloss},
    title = {Numerical study of matrix-free trust-region {SQP} method for equality constrained optimization},
    institution = {Sandia National Laboratories},
    year = 2011,
    number = {SAND2011-9346}
}

@article{shanno1970bfgs,
    author = {Shanno, D. F.},
    journal = {Mathematics of Computation},
    number = {111},
    pages = {647--656},
    publisher = {American Mathematical Society},
    title = {Conditioning of Quasi-{Newton} Methods for Function Minimization},
    volume = {24},
    year = {1970}
}

@article{steihaug1983truncated_cg,
    author = {Steihaug, Trond},
    journal = {SIAM Journal on Numerical Analysis},
    number = {3},
    pages = {626--637},
    title = {The Conjugate Gradient Method and Trust Regions in Large Scale Optimization},
    volume = {20},
    year = {1983}
}

@incollection{toint1981truncated_cg,
    author = {Toint, Ph. L.},
    editor = {Duff, I. S.},
    journal = {Sparse matrices and their uses},
    pages = {57--88},
    title = {Towards an efficient sparsity exploiting {Newton} method for minimization},
    year = {1981}
}

@article{zhang1998sdp_symmetrization,
    author = {Zhang, Yin},
    journal = {SIAM Journal on Optimization},
    number = {2},
    pages = {365--386},
    title = {On Extending Some Primal-Dual Interior-Point Algorithms From Linear Programming to Semidefinite Programming},
    volume = {8},
    year = {1998}
}
